@incollection{Prieto2015ectel,
    year={2015},
    isbn={978-3-319-24257-6},
    booktitle={Design for Teaching and Learning in a Networked World},
    volume={9307},
    series={Lecture Notes in Computer Science},
    editor={Conole, G. and Klobučar, T. and Rensing, C. and Konert, J. and Lavoué, E.},
    doi={10.1007/978-3-319-24258-3_20},
    title={Studying Teacher Orchestration Load in Technology-Enhanced Classrooms},
    publisher={Springer International Publishing},
    author={Prieto, L. P. and Sharma, K. and Dillenbourg, P.},
    pages={268-281}
}

@article{Gomez2013,
  title={Co-located single display collaborative learning for early childhood education},
  author={G{\'o}mez, Florencia and Nussbaum, Miguel and Weitz, Juan F and Lopez, Ximena and Mena, Javiera and Torres, Alex},
  journal={International Journal of Computer-Supported Collaborative Learning},
  volume={8},
  number={2},
  pages={225--244},
  year={2013},
  publisher={Springer}
}

@article{Onrubia2012,
  title={The role of teacher assistance on the effects of a macro-script in collaborative writing tasks},
  author={Onrubia, Javier and Engel, Anna},
  journal={International Journal of Computer-Supported Collaborative Learning},
  volume={7},
  number={1},
  pages={161--186},
  year={2012},
  publisher={Springer}
}

@article{Prieto2011,
  title={Orchestrating technology enhanced learning: a literature review and a conceptual framework},
  author={Prieto, Luis P and Dlab, Martina Holenko and Guti{\'e}rrez, Israel and Abdulwahed, Mahmoud and Balid, Walid},
  journal={International Journal of Technology Enhanced Learning},
  volume={3},
  number={6},
  pages={583--598},
  year={2011},
  publisher={Inderscience}
}

@incollection{Dillenbourg2009,
  title={The evolution of research on computer-supported collaborative learning},
  author={Dillenbourg, Pierre and J{\"a}rvel{\"a}, Sanna and Fischer, Frank},
  booktitle={Technology-enhanced learning},
  pages={3--19},
  year={2009},
  publisher={Springer}
}

@InProceedings{Dillenbourg2009b,
  Title                    = {Exploring neglected planes: social signs and class orchestration},
  Author                   = {Dillenbourg, Pierre},
  Booktitle                = {Proceedings of the International Conference of Computer-Supported Collaborative Learning (CSCL2009)},
  Year                     = {2009},
  Pages                    = {6-7}
}


@article{chandler1996cognitive,
  title={Cognitive load while learning to use a computer program},
  author={Chandler, Paul and Sweller, John},
  journal={Applied cognitive psychology},
  volume={10},
  number={2},
  pages={151--170},
  year={1996}
}

@article{gevins1998monitoring,
  title={Monitoring working memory load during computer-based tasks with EEG pattern recognition methods},
  author={Gevins, Alan and Smith, Michael E and Leong, Harrison and McEvoy, Linda and Whitfield, Susan and Du, Robert and Rush, Georgia},
  journal={Human Factors: The Journal of the Human Factors and Ergonomics Society},
  volume={40},
  number={1},
  pages={79--91},
  year={1998},
  publisher={SAGE Publications}
}


@article{Dillenbourg2011,
  title={Classroom orchestration: The third circle of usability},
  author={Dillenbourg, Pierre and Zufferey, Guillaume and Alavi, Hamed and Jermann, Patrick and Do-Lenh, Son and Bonnard, Quentin and Cuendet, S{\'e}bastien and Kaplan, Fr{\'e}d{\'e}ric},
  journal={CSCL2011 Proceedings},
  volume={1},
  pages={510--517},
  year={2011}
}

@article{Roschelle2013,
  title={Classroom orchestration: synthesis},
  author={Roschelle, Jeremy and Dimitriadis, Yannis and Hoppe, Ulrich},
  journal={Computers \& Education},
  volume={69},
  pages={523--526},
  year={2013},
  publisher={Elsevier}
}

@article{Alavi2012,
  title={An ambient awareness tool for supporting supervised collaborative problem solving},
  author={Alavi, Hamed S and Dillenbourg, Pierre},
  journal={Learning Technologies, IEEE Transactions on},
  volume={5},
  number={3},
  pages={264--274},
  year={2012},
  publisher={IEEE}
}

@inproceedings{Kharrufa2013,
  title={Extending tabletop application design to the classroom},
  author={Kharrufa, Ahmed and Martinez-Maldonado, Roberto and Kay, Judy and Olivier, Patrick},
  booktitle={Proceedings of the 2013 ACM international conference on Interactive tabletops and surfaces},
  pages={115--124},
  year={2013},
  organization={ACM}
}

@article{MunozInPress,
  title={Supporting Teacher Orchestration in Ubiquitous Learning Environments: A Study in Primary Education},
  author={Munoz-Cristobal, JA and Jorrin-Abellan, Ivan and Asensio-Perez, Juan and Martinez-Mones, Alejandra and Prieto, L and Dimitriadis, Yannis},
  publisher={IEEE},
  journal={IEEE Transactions on Learning Technologies},
  year={in press}
}

@inproceedings{Prieto2014,
  title={Studying Teacher Cognitive Load in Multi-tabletop Classrooms Using Mobile Eye-tracking},
  author={Prieto, Luis P and Wen, Yun and Caballero, Daniela and Sharma, Kshitij and Dillenbourg, Pierre},
  booktitle={Proceedings of the Ninth ACM International Conference on Interactive Tabletops and Surfaces},
  pages={339--344},
  year={2014},
  organization={ACM}
}

@inproceedings{Prieto2015cscl,
  title={The Burden of Facilitating Collaboration: Towards Estimation of Teacher Orchestration Load using Eye-tracking Measures},
  author={Prieto, Luis P and Sharma, Kshitij and Wen, Yun and Dillenbourg, Pierre},
  booktitle={Proceedings of the 11th International Conference on Computer-Supported Collaborative Learning, Vol. I},
  pages={212--219},
  year={2015}
}

@misc{Webusability,
  author = {Bailey, Bob},
  title = {Usability Testing: An Early History},
  howpublished = {\url{http://webusability.com/usability-testing-a-early-history/}},
  note = {(Last visit: 28 Nov 2016)}
}

@article{Beers2008,
  title={Cognitive load measurements and stimulated recall interviews for studying the effects of information and communications technology},
  author={Beers, Pieter J and Boshuizen, Henny PA and Kirschner, Paul A and Gijselaers, Wim and Westendorp, Jochem},
  journal={Educational Technology Research and Development},
  volume={56},
  number={3},
  pages={309--328},
  year={2008},
  publisher={Springer}
}

@book{Newell1994,
  title={Unified theories of cognition},
  author={Newell, Allen},
  year={1994},
  publisher={Harvard University Press}
}

@article{Anderson2002,
  title={Spanning seven orders of magnitude: A challenge for cognitive modeling},
  author={Anderson, John R},
  journal={Cognitive Science},
  volume={26},
  number={1},
  pages={85--112},
  year={2002},
  publisher={Elsevier}
}

@article{Mathison1988,
  title={Why triangulate?},
  author={Mathison, Sandra},
  journal={Educational researcher},
  volume={17},
  number={2},
  pages={13--17},
  year={1988},
  publisher={Sage Publications}
}

@incollection{Buettner2013,
  title={Cognitive Workload of Humans using Artificial Intelligence systems: Towards Objective Measurement applying Eye-Tracking Technology},
  author={Buettner, Ricardo},
  booktitle={KI 2013: Advances in Artificial Intelligence},
  pages={37--48},
  year={2013},
  publisher={Springer}
}

@article{Doyle2006,
  title={Ecological approaches to classroom management},
  author={Doyle, Walter},
  journal={Handbook of classroom management: Research, practice, and contemporary issues},
  pages={97--125},
  year={2006}
}

@article{Cuendet2013,
  title={Designing augmented reality for the classroom},
  author={Cuendet, S{\'e}bastien and Bonnard, Quentin and Do-Lenh, Son and Dillenbourg, Pierre},
  journal={Computers \& Education},
  volume={68},
  pages={557--569},
  year={2013},
  publisher={Elsevier}
}

@article{Dillenbourg2013,
  title={Design for classroom orchestration},
  author={Dillenbourg, Pierre},
  journal={Computers \& Education},
  volume={69},
  pages={485--492},
  year={2013},
  publisher={Elsevier}
}

@incollection{Dillenbourg2010,
  title={Technology for classroom orchestration},
  author={Dillenbourg, Pierre and Jermann, Patrick},
  booktitle={New science of learning},
  pages={525--552},
  year={2010},
  publisher={Springer}
}

@inproceedings{Kreitmayer2013,
  title={UniPad: orchestrating collaborative activities through shared tablets and an integrated wall display},
  author={Kreitmayer, Stefan and Rogers, Yvonne and Laney, Robin and Peake, Stephen},
  booktitle={Proceedings of the 2013 ACM international joint conference on Pervasive and ubiquitous computing},
  pages={801--810},
  year={2013},
  organization={ACM}
}

@article{Gould1985,
  title={Designing for usability: key principles and what designers think},
  author={Gould, John D and Lewis, Clayton},
  journal={Communications of the ACM},
  volume={28},
  number={3},
  pages={300--311},
  year={1985},
  publisher={ACM}
}

@article{Paas2004,
  title={Cognitive load theory: Instructional implications of the interaction between information structures and cognitive architecture},
  author={Paas, Fred and Renkl, Alexander and Sweller, John},
  journal={Instructional science},
  volume={32},
  number={1},
  pages={1--8},
  year={2004},
  publisher={Springer}
}

@article{Brunken2003,
  title={Direct measurement of cognitive load in multimedia learning},
  author={Brunken, Roland and Plass, Jan L and Leutner, Detlev},
  journal={Educational Psychologist},
  volume={38},
  number={1},
  pages={53--61},
  year={2003},
  publisher={Taylor \& Francis}
}

@article{Paas2003,
  title={Cognitive load measurement as a means to advance cognitive load theory},
  author={Paas, Fred and Tuovinen, Juhani E and Tabbers, Huib and Van Gerven, Pascal WM},
  journal={Educational psychologist},
  volume={38},
  number={1},
  pages={63--71},
  year={2003},
  publisher={Taylor \& Francis}
}

@book{Creswell2013,
  title={Research design: Qualitative, quantitative, and mixed methods approaches},
  author={Creswell, John W},
  year={2013},
  publisher={Sage publications}
}

@article{Deleeuw2008,
  title={A comparison of three measures of cognitive load: Evidence for separable measures of intrinsic, extraneous, and germane load.},
  author={DeLeeuw, Krista E and Mayer, Richard E},
  journal={Journal of Educational Psychology},
  volume={100},
  number={1},
  pages={223},
  year={2008},
  publisher={American Psychological Association}
}

@article{Hart1988,
  title={Development of NASA-TLX (Task Load Index): Results of empirical and theoretical research},
  author={Hart, Sandra G and Staveland, Lowell E},
  journal={Advances in psychology},
  volume={52},
  pages={139--183},
  year={1988},
  publisher={Elsevier}
}

@misc{PrietoSubmitted,
  title={Teaching Analytics: Towards Automatic Extraction of Orchestration Graphs Using Wearable Sensors},
  author={Prieto, Luis P and Sharma, Kshitij and Rodr\'iguez-Triana, Mar\'ia Jes\'us and Dillenbourg, Pierre},
  howpublished={Paper submitted to the ACM Conference on Learning Analytics and Knowledge (LAK'16)}
}


@incollection{munoz2013sharing,
  title={Sharing the burden: Introducing student-centered orchestration in across-spaces learning situations},
  author={Mu{\~n}oz-Crist{\'o}bal, Juan A and Prieto, Luis P and Asensio-P{\'e}rez, Juan I and Jorr{\'\i}n-Abell{\'a}n, Iv{\'a}n M and Mart{\'\i}nez-Mon{\'e}s, Alejandra and Dimitriadis, Yannis},
  booktitle={Scaling up Learning for Sustained Impact},
  pages={621--622},
  year={2013},
  publisher={Springer}
}


@inproceedings{oviatt2006human,
  title={Human-centered design meets cognitive load theory: designing interfaces that help people think},
  author={Oviatt, Sharon},
  booktitle={Proceedings of the 14th annual ACM international conference on Multimedia},
  pages={871--880},
  year={2006},
  organization={ACM}
}

@article{sweller1994cognitive,
  title={Cognitive load theory, learning difficulty, and instructional design},
  author={Sweller, John},
  journal={Learning and instruction},
  volume={4},
  number={4},
  pages={295--312},
  year={1994},
  publisher={Elsevier}
}

@inproceedings{oviatt2004we,
  title={When do we interact multimodally?: cognitive load and multimodal communication patterns},
  author={Oviatt, Sharon and Coulston, Rachel and Lunsford, Rebecca},
  booktitle={Proceedings of the 6th international conference on Multimodal interfaces},
  pages={129--136},
  year={2004},
  organization={ACM}
}

@inproceedings{iqbal2004task,
  title={Task-evoked pupillary response to mental workload in human-computer interaction},
  author={Iqbal, Shamsi T and Zheng, Xianjun Sam and Bailey, Brian P},
  booktitle={CHI'04 extended abstracts on Human factors in computing systems},
  pages={1477--1480},
  year={2004},
  organization={ACM}
}


@article{hicks1979comparison,
  title={Comparison of five mental workload assessment procedures in a moving-base driving simulator},
  author={Hicks, Thomas G and Wierwille, Walter W},
  journal={Human Factors: The Journal of the Human Factors and Ergonomics Society},
  volume={21},
  number={2},
  pages={129--143},
  year={1979},
  publisher={SAGE Publications}
}

@article{holm2009estimating,
  title={Estimating brain load from the EEG},
  author={Holm, Anu and Lukander, Kristian and Korpela, Jussi and Sallinen, Mikael and M{\"u}ller, Kiti MI},
  journal={The Scientific World Journal},
  volume={9},
  pages={639--651},
  year={2009},
  publisher={Hindawi Publishing Corporation}
}

@article{berka2007eeg,
  title={EEG correlates of task engagement and mental workload in vigilance, learning, and memory tasks},
  author={Berka, Chris and Levendowski, Daniel J and Lumicao, Michelle N and Yau, Alan and Davis, Gene and Zivkovic, Vladimir T and Olmstead, Richard E and Tremoulet, Patrice D and Craven, Patrick L},
  journal={Aviation, space, and environmental medicine},
  volume={78},
  number={Supplement 1},
  pages={B231--B244},
  year={2007},
  publisher={Aerospace Medical Association}
}

@inproceedings{ikehara2005assessing,
  title={Assessing cognitive load with physiological sensors},
  author={Ikehara, Curtis S and Crosby, Martha E},
  booktitle={System Sciences, 2005. HICSS'05. Proceedings of the 38th Annual Hawaii International Conference on},
  pages={295a--295a},
  year={2005},
  organization={IEEE}
}

@article{de2010cognitive,
  title={Cognitive load theory, educational research, and instructional design: some food for thought},
  author={De Jong, Ton},
  journal={Instructional Science},
  volume={38},
  number={2},
  pages={105--134},
  year={2010},
  publisher={Springer}
}


@inproceedings{fan2007realistic,
  title={Realistic cognitive load modeling for enhancing shared mental models in human-agent collaboration},
  author={Fan, Xiaocong and Yen, John},
  booktitle={Proceedings of the 6th international joint conference on Autonomous agents and multiagent systems},
  pages={60},
  year={2007},
  organization={ACM}
}

@inproceedings{oulasvirta2005interaction,
  title={Interaction in 4-second bursts: the fragmented nature of attentional resources in mobile HCI},
  author={Oulasvirta, Antti and Tamminen, Sakari and Roto, Virpi and Kuorelahti, Jaana},
  booktitle={Proceedings of the SIGCHI conference on Human factors in computing systems},
  pages={919--928},
  year={2005},
  organization={ACM}
}

@article{wickens1991processing,
  title={Processing resources and attention},
  author={Wickens, Christopher D},
  journal={Multiple-task performance},
  pages={3--34},
  year={1991}
}

@book{yin2013case,
  title={Case study research: Design and methods},
  author={Yin, Robert K},
  year={2013},
  publisher={Sage publications}
}

@article{onwuegbuzie2007typology,
  title={A typology of mixed methods sampling designs in social science research},
  author={Onwuegbuzie, Anthony J and Collins, Kathleen MT},
  journal={The qualitative report},
  volume={12},
  number={2},
  pages={281--316},
  year={2007}
}

@incollection{stake1983case,
  title={The case study method in social inquiry},
  author={Stake, Robert E},
  booktitle={Evaluation models},
  pages={279--286},
  year={1983},
  publisher={Springer}
}

@inproceedings{cuendet2013benefits,
  title={The benefits and limitations of distributing a tangible interface in a classroom},
  author={Cuendet, S{\'e}bastien and Dillenbourg, Pierre},
  booktitle={CSCL 2013},
  number={EPFL-CONF-185865},
  year={2013}
}

@incollection{boucsein2000engineering,
  title={Engineering psychophysiology as a discipline: Historical and theoretical aspects},
  author={Boucsein, Wolfram and Backs, Richard W},
  booktitle={Engineering psychophysiology. Issues and applications},
  pages={3--30},
  year={2000},
  publisher={Lawrence Erlbaum Associates, Inc. Mahwah, NJ}
}

@book{hattie2013visible,
  title={Visible learning: A synthesis of over 800 meta-analyses relating to achievement},
  author={Hattie, John},
  year={2013},
  publisher={Routledge}
}

@article{prieto2011recurrent,
  title={Recurrent routines: Analyzing and supporting orchestration in technology-enhanced primary classrooms},
  author={Prieto, Luis P and Villagr{\'a}-Sobrino, Sara and Jorr{\'\i}n-Abell{\'a}n, Iv{\'a}n M and Mart{\'\i}nez-Mon{\'e}s, Alejandra and Dimitriadis, Yannis},
  journal={Computers \& Education},
  volume={57},
  number={1},
  pages={1214--1227},
  year={2011},
  publisher={Elsevier}
}


@inproceedings{prieto2016teaching,
  title={Teaching analytics: towards automatic extraction of orchestration graphs using wearable sensors},
  author={Prieto, Luis P and Sharma, Kshitij and Dillenbourg, Pierre and Rodr{\'i}guez-Triana, M J},
  booktitle={Proceedings of the Sixth International Conference on Learning Analytics \& Knowledge},
  pages={148--157},
  year={2016},
  organization={ACM}
}

@article{feldon2007cognitive,
  title={Cognitive load and classroom teaching: The double-edged sword of automaticity},
  author={Feldon, David F},
  journal={Educational Psychologist},
  volume={42},
  number={3},
  pages={123--137},
  year={2007},
  publisher={Taylor \& Francis}
}

@inproceedings{do2012tinkerlamp,
  title={TinkerLamp 2.0: designing and evaluating orchestration technologies for the classroom},
  author={Do-Lenh, Son and Jermann, Patrick and Legge, Amanda and Zufferey, Guillaume and Dillenbourg, Pierre},
  booktitle={European Conference on Technology Enhanced Learning},
  pages={65--78},
  year={2012},
  organization={Springer}
}

@book{cohen1977statistical,
  title={Statistical power analysis for the behavioral sciences (revised ed.)},
  author={Cohen, Jacob},
  year={1977},
  publisher={New York: Academic Press}
}

@article{dillenbourg2013design,
  title={Design for classroom orchestration},
  author={Dillenbourg, Pierre},
  journal={Computers \& Education},
  volume={69},
  pages={485--492},
  year={2013},
  publisher={Elsevier Science Ltd.}
}

@book{dillenbourg2015orchestration,
  title={Orchestration graphs: Modeling scalable education},
  author={Dillenbourg, Pierre},
  year={2015},
  publisher={EPFL Press}
}

@TechReport{STELLARorch,
  Title                    = {D1.1: The {STELLAR} vision and strategy statement},
  Author                   = {Sutherland, R. and Joubert, M.},
  Institution              = {{STELLAR} Consortium},
  Year                     = {2009},
  Note                     = {Available online at \url{http://goo.gl/IevQs0} (Last visit: 28 Nov 2016)},
  Type                     = {Deliverable},

  Owner                    = {lpps},
  Timestamp                = {2011.03.27}
}

@book{ravden1989evaluating,
  title={Evaluating usability of human-computer interfaces: a practical method},
  author={Ravden, Susannah and Johnson, Graham},
  year={1989},
  publisher={Halsted Press}
}

@article{nielsen1994heuristic,
  title={Heuristic evaluation},
  author={Nielsen, Jakob},
  journal={Usability inspection methods},
  volume={17},
  number={1},
  pages={25--62},
  year={1994}
}

@inproceedings{nielsen1992finding,
  title={Finding usability problems through heuristic evaluation},
  author={Nielsen, Jakob},
  booktitle={Proceedings of the SIGCHI conference on Human factors in computing systems},
  pages={373--380},
  year={1992},
  organization={ACM}
}

@article{wang2005design,
  title={Design-based research and technology-enhanced learning environments},
  author={Wang, Feng and Hannafin, Michael J},
  journal={Educational technology research and development},
  volume={53},
  number={4},
  pages={5--23},
  year={2005},
  publisher={Springer}
}

@inproceedings{munoz2013sharing,
  title={Sharing the burden: introducing student-centered orchestration in across-spaces learning situations},
  author={Mu{\~n}oz-Crist{\'o}bal, Juan A and Prieto, Luis P and Asensio-P{\'e}rez, Juan I and Jorr{\'\i}n-Abell{\'a}n, Iv{\'a}n M and Mart{\'\i}nez-Mon{\'e}s, Alejandra and Dimitriadis, Yannis},
  booktitle={European Conference on Technology Enhanced Learning},
  pages={621--622},
  year={2013},
  organization={Springer}
}

@article{boucsein2000engineering,
  title={Engineering psychophysiology as a discipline: Historical and theoretical aspects},
  author={Boucsein, Wolfram and Backs, Richard W},
  journal={Engineering psychophysiology. Issues and applications},
  pages={3--30},
  year={2000},
  publisher={Lawrence Erlbaum Associates, Inc. Mahwah, NJ}
}

@article{xie2000prediction,
  title={Prediction of mental workload in single and multiple tasks environments},
  author={Xie, Bin and Salvendy, Gavriel},
  journal={International journal of cognitive ergonomics},
  volume={4},
  number={3},
  pages={213--242},
  year={2000},
  publisher={Taylor \& Francis}
}

@inproceedings{caballero2014single,
  title={Single locus of control in a tangible paper-based tabletop application: an exploratory study},
  author={Caballero, Daniela and Wen, Yun and Prieto, Luis P and Dillenbourg, Pierre},
  booktitle={Proceedings of the Ninth ACM International Conference on Interactive Tabletops and Surfaces},
  pages={351--356},
  year={2014},
  organization={ACM}
}